[gd_scene load_steps=32 format=3 uid="uid://diqdf7sjnpect"]

[ext_resource type="Script" path="res://main/main.gd" id="1_lp0e1"]
[ext_resource type="Texture2D" uid="uid://cvfd6f5pwo8ob" path="res://textures/skybox.jpg" id="2_0fdbp"]
[ext_resource type="Material" uid="uid://dfoblllx5hxhw" path="res://materials/2d_material.tres" id="2_ex1go"]
[ext_resource type="Material" uid="uid://cta8526100lm7" path="res://materials/3d_material.tres" id="3_1dsym"]
[ext_resource type="Texture2D" uid="uid://d3wp3n266hym2" path="res://textures/planets/sun.jpg" id="3_eean6"]
[ext_resource type="Script" path="res://main/shape_manager_2d.gd" id="3_wxdro"]
[ext_resource type="Script" path="res://shapes/2d/circle_2d.gd" id="4_r018n"]
[ext_resource type="Texture2D" uid="uid://b2q714jgn481x" path="res://textures/planets/mercury.jpg" id="4_ww03r"]
[ext_resource type="Texture2D" uid="uid://bdcbmqm5hk5qt" path="res://textures/planets/venus.jpg" id="5_qs4gv"]
[ext_resource type="Script" path="res://shapes/2d/box_2d.gd" id="5_ukgvy"]
[ext_resource type="Script" path="res://shapes/2d/shape_2d_material.gd" id="5_xewne"]
[ext_resource type="Texture2D" uid="uid://b3x76s7x63t3v" path="res://textures/planets/earth.jpg" id="6_1rovq"]
[ext_resource type="Texture2D" uid="uid://dtr7cxi5xxcp4" path="res://textures/planets/mars.jpg" id="7_ai1re"]
[ext_resource type="Script" path="res://main/shape_manager_3d.gd" id="8_df42m"]
[ext_resource type="Texture2D" uid="uid://7bjcrj8gdx44" path="res://textures/planets/jupiter.jpg" id="8_yjyv4"]
[ext_resource type="Texture2D" uid="uid://dky8x0jxl1l8k" path="res://textures/planets/saturn.jpg" id="9_g0ssi"]
[ext_resource type="Script" path="res://shapes/3d/shape_3d_material.gd" id="10_hmivo"]
[ext_resource type="Texture2D" uid="uid://1dqjq3cjhxd3" path="res://textures/planets/uranus.jpg" id="10_ugoru"]
[ext_resource type="Texture2D" uid="uid://c05ug1mgxrves" path="res://textures/planets/neptune.jpg" id="11_43o3q"]
[ext_resource type="Script" path="res://shapes/3d/sphere_3d.gd" id="11_anms0"]

[sub_resource type="Resource" id="Resource_tvfoq"]
script = ExtResource("5_xewne")
color = Color(1, 0, 0, 1)

[sub_resource type="Resource" id="Resource_6dstq"]
script = ExtResource("5_xewne")
color = Color(0, 1, 0, 1)

[sub_resource type="Resource" id="Resource_wajnl"]
script = ExtResource("10_hmivo")
color = Color(0, 0, 0, 1)
texture = ExtResource("3_eean6")

[sub_resource type="Resource" id="Resource_byda3"]
script = ExtResource("10_hmivo")
color = Color(0, 0, 0, 1)
texture = ExtResource("4_ww03r")

[sub_resource type="Resource" id="Resource_8agw1"]
script = ExtResource("10_hmivo")
color = Color(0, 0, 0, 1)
texture = ExtResource("5_qs4gv")

[sub_resource type="Resource" id="Resource_w6kta"]
script = ExtResource("10_hmivo")
color = Color(0, 0, 0, 1)
texture = ExtResource("6_1rovq")

[sub_resource type="Resource" id="Resource_anw8x"]
script = ExtResource("10_hmivo")
color = Color(0, 0, 0, 1)
texture = ExtResource("7_ai1re")

[sub_resource type="Resource" id="Resource_fve15"]
script = ExtResource("10_hmivo")
color = Color(0, 0, 0, 1)
texture = ExtResource("8_yjyv4")

[sub_resource type="Resource" id="Resource_73l3g"]
script = ExtResource("10_hmivo")
color = Color(0, 0, 0, 1)
texture = ExtResource("9_g0ssi")

[sub_resource type="Resource" id="Resource_x18hl"]
script = ExtResource("10_hmivo")
color = Color(0, 0, 0, 1)
texture = ExtResource("10_ugoru")

[sub_resource type="Resource" id="Resource_2447r"]
script = ExtResource("10_hmivo")
color = Color(0, 0, 0, 1)
texture = ExtResource("11_43o3q")

[node name="Main" type="Node2D" node_paths=PackedStringArray("camera_position", "camera_target", "camera_pivot", "sun_shape", "mercury_shape", "venus_shape", "earth_shape", "mars_shape", "jupiter_shape", "saturn_shape", "uranus_shape", "neptune_shape", "shape_manager_2d", "shape_manager_3d")]
script = ExtResource("1_lp0e1")
camera_position = NodePath("CameraPivot/CameraPosition")
camera_target = NodePath("CameraTarget")
camera_pivot = NodePath("CameraPivot")
sun_shape = NodePath("ShapeManager3D/Sun")
mercury_shape = NodePath("ShapeManager3D/Mercury")
venus_shape = NodePath("ShapeManager3D/Venus")
earth_shape = NodePath("ShapeManager3D/Earth")
mars_shape = NodePath("ShapeManager3D/Mars")
jupiter_shape = NodePath("ShapeManager3D/Jupiter")
saturn_shape = NodePath("ShapeManager3D/Saturn")
uranus_shape = NodePath("ShapeManager3D/Uranus")
neptune_shape = NodePath("ShapeManager3D/Neptune")
skybox_texture = ExtResource("2_0fdbp")
shape_manager_2d = NodePath("ShapeManager2D")
material_2d = ExtResource("2_ex1go")
shape_manager_3d = NodePath("ShapeManager3D")
material_3d = ExtResource("3_1dsym")

[node name="3DLayer" type="CanvasLayer" parent="."]

[node name="3D" type="ColorRect" parent="3DLayer"]
material = ExtResource("3_1dsym")
anchors_preset = 15
anchor_right = 1.0
anchor_bottom = 1.0
grow_horizontal = 2
grow_vertical = 2

[node name="2DLayer" type="CanvasLayer" parent="."]
visible = false

[node name="2D" type="ColorRect" parent="2DLayer"]
material = ExtResource("2_ex1go")
anchors_preset = 15
anchor_right = 1.0
anchor_bottom = 1.0
offset_top = -1.0
offset_bottom = -1.0
grow_horizontal = 2
grow_vertical = 2
size_flags_horizontal = 3
size_flags_vertical = 3

[node name="ShapeManager2D" type="Node2D" parent="."]
script = ExtResource("3_wxdro")

[node name="Circle2D" type="Node2D" parent="ShapeManager2D"]
visible = false
position = Vector2(358, 378)
script = ExtResource("4_r018n")
radius = 100.0
shape_material = SubResource("Resource_tvfoq")

[node name="Box2D" type="Node2D" parent="ShapeManager2D"]
visible = false
position = Vector2(874, 223)
rotation = -0.00174533
scale = Vector2(0.67, 0.67)
script = ExtResource("5_ukgvy")
width = 200.0
height = 200.0
shape_material = SubResource("Resource_6dstq")

[node name="ShapeManager3D" type="Node3D" parent="."]
script = ExtResource("8_df42m")

[node name="Sun" type="Node3D" parent="ShapeManager3D"]
script = ExtResource("11_anms0")
radius = 0.5
shape_material = SubResource("Resource_wajnl")

[node name="Mercury" type="Node3D" parent="ShapeManager3D"]
transform = Transform3D(1, 0, 0, 0, 1, 0, 0, 0, 1, 0.6, 0, 0)
script = ExtResource("11_anms0")
radius = 0.05
shape_material = SubResource("Resource_byda3")

[node name="Venus" type="Node3D" parent="ShapeManager3D"]
transform = Transform3D(1, 0, 0, 0, 1, 0, 0, 0, 1, 1.2, 0, 0)
script = ExtResource("11_anms0")
radius = 0.07
shape_material = SubResource("Resource_8agw1")

[node name="Earth" type="Node3D" parent="ShapeManager3D"]
transform = Transform3D(1, 0, 0, 0, 1, 0, 0, 0, 1, 1.8, 0, 0)
script = ExtResource("11_anms0")
radius = 0.1
shape_material = SubResource("Resource_w6kta")

[node name="Mars" type="Node3D" parent="ShapeManager3D"]
transform = Transform3D(1, 0, 0, 0, 1, 0, 0, 0, 1, 2.4, 0, 0)
script = ExtResource("11_anms0")
radius = 0.1
shape_material = SubResource("Resource_anw8x")

[node name="Jupiter" type="Node3D" parent="ShapeManager3D"]
transform = Transform3D(1, 0, 0, 0, 1, 0, 0, 0, 1, 3, 0, 0)
script = ExtResource("11_anms0")
radius = 0.25
shape_material = SubResource("Resource_fve15")

[node name="Saturn" type="Node3D" parent="ShapeManager3D"]
transform = Transform3D(1, 0, 0, 0, 1, 0, 0, 0, 1, 3.6, 0, 0)
script = ExtResource("11_anms0")
radius = 0.23
shape_material = SubResource("Resource_73l3g")

[node name="Uranus" type="Node3D" parent="ShapeManager3D"]
transform = Transform3D(1, 0, 0, 0, 1, 0, 0, 0, 1, 4.2, 0, 0)
script = ExtResource("11_anms0")
radius = 0.15
shape_material = SubResource("Resource_x18hl")

[node name="Neptune" type="Node3D" parent="ShapeManager3D"]
transform = Transform3D(1, 0, 0, 0, 1, 0, 0, 0, 1, 4.8, 0, 0)
script = ExtResource("11_anms0")
radius = 0.15
shape_material = SubResource("Resource_2447r")

[node name="CameraTarget" type="Node3D" parent="."]

[node name="CameraPivot" type="Node3D" parent="."]

[node name="CameraPosition" type="Node3D" parent="CameraPivot"]
